@book{huffman_fundamentals_2003,
	location = {Cambridge},
	title = {Fundamentals of Error-Correcting Codes},
	isbn = {978-0-511-80707-7},
	url = {http://ebooks.cambridge.org/ref/id/CBO9780511807077},
	publisher = {Cambridge University Press},
	author = {Huffman, W. Cary and Pless, Vera},
	urldate = {2019-10-31},
	date = {2003},
	langid = {english},
	doi = {10.1017/CBO9780511807077},
	file = {Huffman y Pless - 2003 - Fundamentals of Error-Correcting Codes.pdf:/Users/jmml/gdrive/zotero/storage/PS9GL36Z/Huffman y Pless - 2003 - Fundamentals of Error-Correcting Codes.pdf:application/pdf}
}